<?xml version="1.0" encoding="UTF-8"?><record xmlns="http://www.loc.gov/MARC21/slim" xmlns:cinclude="http://apache.org/cocoon/include/1.0" xmlns:zs="http://www.loc.gov/zing/srw/">
  <leader>00603nz  a2200157n  4500</leader>
  <controlfield tag="001">nb2006017474</controlfield>
  <controlfield tag="003">DLC</controlfield>
  <controlfield tag="005">20060804051313.0</controlfield>
  <controlfield tag="008">060803n| acannaabn          |a ana      </controlfield>
  <datafield tag="010" ind1=" " ind2=" ">
    <subfield code="a">nb2006017474</subfield>
  </datafield>
  <datafield tag="035" ind1=" " ind2=" ">
    <subfield code="a">(Uk)006553863</subfield>
  </datafield>
  <datafield tag="040" ind1=" " ind2=" ">
    <subfield code="a">Uk</subfield>
    <subfield code="b">eng</subfield>
    <subfield code="c">Uk</subfield>
  </datafield>
  <datafield tag="110" ind1="1" ind2=" ">
    <subfield code="a">Northern Ireland.</subfield>
    <subfield code="b">Maternity Services Committee</subfield>
  </datafield>
  <datafield tag="410" ind1="1" ind2=" ">
    <subfield code="a">Northern Ireland.</subfield>
    <subfield code="b">Ministry of Home Affairs.</subfield>
    <subfield code="b">Maternity Services Committee</subfield>
  </datafield>
  <datafield tag="670" ind1=" " ind2=" ">
    <subfield code="a">Report ... on Maternal Mortality and Morbidity in Northern Ireland, 1943</subfield>
  </datafield>
  <datafield tag="670" ind1=" " ind2=" ">
    <subfield code="a">BL database, 3 Aug. 2006</subfield>
    <subfield code="b">(hdg.: Northern Ireland. Ministry of Home Affairs. Maternity Services Committee)</subfield>
  </datafield>
</record>